@ARTICLE{Asrat:2016,
    author = {Asrat, M.},
    title = {Prevalence and Risk Factors for Bovine
    Thelaziasis at Mersa Town of South Wollo Zone,
    Amhara Regional State, Ethiopia},
    journal = {J. Ecosys. Ecograph.},
    year = {2016},
    volume = {6},
    pages = {1000212 (1-4)},
    number = {4}
}

@ARTICLE{Beitel:1974,
    author = {Beitel, R. J. an Knapp, S. E. and Vohs,
    P. A. and Jr. },
    title = {
        Prevalence of Eyeworm in Three Populations of
        Columbian Black-Tailed Deer in Northwestern
    Oregon},
    journal = {The J. of Parasitology},
    year = {1974},
    volume = {60},
    pages = {972-975},
    number = {6},
    month = {December},
    publisher = {Allen Press}
}

@ARTICLE{Bianciardi:2005,
    author = {Bianciardi, P. and Otranto, D.},
    title = {Treatment of dog thelaziosis caused by
        \textit{Thelazia callipaeda}
        (Spirurida, Thelaziidae) using a topical
        formulation of
        imidacloprid 10\% and moxidectin 2.5\%},
    journal = {veterinary parasitology},
    year = {2005},
    volume = {129},
    pages = {89-93},
}

@ARTICLE{Chanie:2014,
    author = {Chanie, M. and Bogale, B.},
    title = {
        Thelaziasis: Biology, Species Affected and
        Pathology (Conjunctivitis): A Review},
    journal = {Acta Parasitologica Globalis},
    year = {2014},
    volume = {5},
    pages = {65-68},
    number = {1},
    publisher = {IDOSI Publications}
}

@ARTICLE{Devenish:2014,
    author = {Devenish-Nelson, E. S. and Richards, S.
    A. and Harris, S. and Soulsbury, C. and Stephens P.
    A.},
    title = {
        Demonstrating frequency-dependent transmission
        of sarcoptic mange in red foxes},
    journal = {Biol. Lett.},
    year = {2014},
    volume = {10},
    pages = {1-5},
    number = {20140524},
}

@ARTICLE{Dubay:2000,
    author = {Dubay, S. A. and Williams, E. S. and
    Mills, K. and Boerger-Fileds, A. M.},
    title = {Bacteria and Nematodes in the Conjunctiva
    of Mule Deer from Wyoming and Utah},
    journal = {J. Wildlife disease},
    year = {2000},
    volume = {36},
    pages = {783-787},
    number = {4},
    month = {October}
}


@ARTICLE{Esteva:1998,
    author = {Esteva, L. and Vargas, C.},
    title = {Analysis of a dengue disease transmission
    model},
    journal = {Math. Biosci.},
    year = {1998},
    volume = {150},
    pages = {131-151},
}


@misc{FAOweb,
   key = {FAO},
   organisation = {
    Food and Agriculture Organization, UN.},
   title= "Guidelines for slaughtering, meat cutting
   and further processing",
   howpublished =
   "\url{http://www.fao.org/3/T0279E/T0279E00.htm}",
   year={1991},
   lastchecked = {08.04.2019}
}

@ARTICLE{Krishnachary:2014,
    author = {Krishnachary P. S. and Shankarappa V. G.
    and Rajarathnam R. and Shanthappa M.},
    title = {Human ocular Thelaziasis in Karnataka},
    journal = {Indian J Ophthalmol.},
    year = {2014},
    volume = {62},
    number= {7},
    pages = {822-824},
}

@ARTICLE{Khedri:2016,
    author = {
        Khedri, J. and Radfar, M. H. and Borji, H. and
        Azizzadeh, M.},
    title = {
        Epidemiological Survey of Bovine
        Thelaziosis in Southeastern of Iran},
    journal = {Iran J. Parasitol.},
    year = {2016},
    volume = {11},
    pages = {221-225},
    number = {2},
}

@ARTICLE{Lyons:2000,
    author = {
        Lyons, E. T. and Swerczek, T. W. and Tolliver,
        S. C. and Bair, H. D. and Drudge, J. H. and
        Ennis, L. E.},
    title = {
        Prevalence of selected species of internal
        parasites in equids at necropsy in central
        Kentucky (1995–1999)},
    journal = {Vet Parasit.},
    year = {2000},
    volume = {92},
    pages = {51-62},
    publisher = {Elsevier}
}

@ARTICLE{Moolenbeek:1980,
    author = {Moolenbeek, W. J. and Surgeoner G. A. },
    title = {Southern Ontario Survey of Eyeworms,
    \textit{Thelazia gulosa} and \textit{Thelazia
    lacrymalis} in Cattle and Larvae of
    \textit{Thelazia spp.} in the Face Fly,
    \textit{Musca autumnalis}},
    journal = {Can. Vet. J.},
    year = {1980},
    volume = {21},
    pages = {50-52},
    month = {February}
}

@ARTICLE{Ohara:1989,
    author = {O'hara, J. E. and Murray, J. K.},
    title = {Prevalence and Intensity of Thelazia spp.
    (Nematoda: Thelazioidea) in a Musca autumnalis
    (Diptera:Muscidae) Population from Central Alberta},
    journal = {J. Parasit.},
    year = {1989},
    volume = {75},
    pages = {803-806},
    number = {5},
    month = {October}
}

@incollection{Otranto:bookchapter,
  author      = "Domenico Otranto and Filipe
        Dantas-Torres",
  title       = "Thelaziosis",
  editor      = "Carlos Brisola--Marcondes",
  booktitle   = "Arthropod borne diseases",
  publisher   = "Springer",
  address     = "Cham, Switzerland",
  year        = 2017,
  pages       = "457-464",
  chapter     = 29,
}

@ARTICLE{Otranto:2003,
    author = {Otranto, D. and Ferroglio, E. and Lia, R.
    P. and Traversa, D. and Rossi, L.},
    title = {Current status and epidemiological
    observation of \textit{Thelazia callipaeda}
    (Spirurida, Thelaziidae) in dogs, cats and foxes in
    Italy: a “coincidence”or a parasitic disease of the
    Old Continent?},
    journal = {Vet. Parasit.},
    year = {2003},
    volume = {116},
    pages = {315-325},
    publisher = {Elsevier}
}

@ARTICLE{Otranto:2003_2,
    author = {Otranto, D. and Tarsitano, E. and
    Traversa, D. and De Luca, F. and Giangaspero, A.},
    title = {Molecular epidemiological survey on the
    vectors of \textit{Thelazia gulosa},
    \textit{Thelazia rhodesi} and \textit{Thelazia
    skrjabini} (Spirurida: Thelaziidae)},
    journal = {Parasitology},
    year = {2003},
    volume = {127},
    pages = {365-373}
}

@ARTICLE{Otranto:2008,
    author = {Otranto, D. and Dutto, M.},
    title = {Human Thelaziasis,Europe},
    journal = {Emerg. Inf. diseas.},
    year = {2008},
    volume = {14},
    pages = {647-649},
    number = {4}
}

@ARTICLE{Otranto2:2008,
    author = {Otranto, D. and Stevens, J. R. and
    Cantacessi, C. and Gasser, R. B.},
    title = {Parasite transmission by insects: a female
    affair?},
    journal = {Trends in Parasit.},
    year = {2008},
    volume = {24},
    pages = {116-120},
    number = {3},
}

@ARTICLE{Palfreyman:2018,
    author= {Palfreyman, J. and Graham-Brown, J. and
    Caminade, C. and Gilmore P. and Otranto D. and
    Williams, D. J. L.},
    title = {Predicting the distribution of
    \textit{Phortica variegata} and potential for
    \textit{Thelazia Callipaeda} transmission in Europe
    and the United Kingdom},
    journal = {Parasites \& Vectors},
    year = {2018},
    volume = {11},
    pages = {272 (1-8)},
}

@ARTICLE{sanchez:1998,
    author = {Sanchez-Arroyo, H. and Capinera, J. L.},
    title = {House fly, \textit{Musca domestica}
    Linnaeus (Insecta: Diptera: Muscidae)},
    journal = {UF/IFAS Extension},
    year = {1998},
    pages = {1-8},
}

@ARTICLE{selman:2013,
	author = {Selman, C. and Nussey, D. H. and Monaghan, P.},
	title = {Ageing: Itś a Dog's Life},
	journal = {Current Biology},
	year = {2013},
    volume = {23},
	pages = {R451-R453},
    number = {10},
}

@ARTICLE{shen:2006,
	author = {Shen, J. and Gasser, R. B. and Chu, D. and Wang, Z. and Yuan, X. and Cantacessi, C. and Otranto D.},
	title = {Human Thelaziosis—A Neglected Parasitic Disease of the Eye},
	journal = {J. Parasitol.},
	year = {2006},
	volume = {92},
	pages = {872-876},
	number = {4},
}

@ARTICLE{stanley:2003,
	author = {Stanley, K. and Jones, K.},
	title = {Cattle and sheep farms as reservoirs of Campylobacter},
	journal = {J. Appl. Microbiol.},
	year = {2003},
	volume = {94},
	pages = {104S-113S},
}

@ARTICLE{Wang:2014,
	author = {Wang, X.-L. and Guo, J.-L. and Wang, X.-L. and Ma, X.-L. and Wang, Y. and An, C.-L. },
	title = {Two cases of human thelaziasis as confirmed by mitochondrial \textit{cox1} sequencing in China},
	journal = {Path. and Global Health},
	year = {2014},
	volume = {108},
	pages = {298-301},
	number = {6}
}

@ARTICLE{Zhang:2017,
	author = {Zhang, X. and Shi, Y. L. and Wang, Z. Q. and Duan, J. Y. and Jiang, P. and Liu, RD and Cui, J. },
	title = {Morphological and Mitochondrial Genomic Characterization of Eyeworms (Thelazia callipaeda) from Clinical Cases in Central China},
	journal = {Frontiers in Microbiol.},
	year = {2017},
	volume = {8},
	pages = {1335(1-9)},
}



@ARTICLE{Zhou:2014,
	author = {Zhou, F. and Yao, H.},
	title = {Global dynamics of a host-vector-Predator mathematical model},
	journal = {J. Appl. Math.},
	year = {2014},
	volume = {2014},
	pages = {245650(1-11)},
}

@article{manjunath2016prevalence,
  title={Prevalence and Management of Eyeworms in Cattle.},
  author={Manjunath, SP and Dhanalakshmi, H and D'Souza, Placid E and
  Chandregowda, CT and Veena, M},
  journal={Intas Polivet},
  volume={17},
  number={2},
  year={2016}
}

@article{djungu2014thelazia,
  title={Thelazia rhodesii infection on cattle in
  Kupang District},
  author={Djungu, DFL and Retnani, EB and Ridwan, Y and
  others},
  journal={Tropical biomedicine},
  volume={31},
  number={4},
  pages={844--852},
  year={2014},
  publisher={Malaysian Society of Parasitology and
  Tropical Medicine}
}
%
@book{fleming2012,
  title={Deterministic and Stochastic Optimal Control},
  author={Fleming, W.H. and Rishel, R.W.},
  isbn={9781461263807},
  lccn={75028391},
  series={Stochastic Modelling and Applied Probability},
  url={https://books.google.com.mx/books?id=qJDbBwAAQBAJ},
  year={2012},
  publisher={Springer New York}
}
